@Article{tidyverse,
    title = {Welcome to the {tidyverse}},
    author = {Hadley Wickham and Mara Averick and Jennifer Bryan and Winston Chang and Lucy D'Agostino McGowan and Romain François and Garrett Grolemund and Alex Hayes and Lionel Henry and Jim Hester and Max Kuhn and Thomas Lin Pedersen and Evan Miller and Stephan Milton Bache and Kirill Müller and Jeroen Ooms and David Robinson and Dana Paige Seidel and Vitalie Spinu and Kohske Takahashi and Davis Vaughan and Claus Wilke and Kara Woo and Hiroaki Yutani},
    year = {2019},
    journal = {Journal of Open Source Software},
    volume = {4},
    number = {43},
    pages = {1686},
    doi = {10.21105/joss.01686},
}
@Article{tidytext,
    title = {tidytext: Text Mining and Analysis Using Tidy Data Principles in R},
    author = {Julia Silge and David Robinson},
    doi = {10.21105/joss.00037},
    url = {http://dx.doi.org/10.21105/joss.00037},
    year = {2016},
    publisher = {The Open Journal},
    volume = {1},
    number = {3},
    journal = {JOSS},
}
@Manual{ggtext,
    title = {ggtext: Improved Text Rendering Support for 'ggplot2'},
    author = {Claus O. Wilke},
    year = {2020},
    note = {R package version 0.1.1},
    url = {https://CRAN.R-project.org/package=ggtext},
}
@Manual{patchwork,
    title = {patchwork: The Composer of Plots},
    author = {Thomas Lin Pedersen},
    year = {2020},
    note = {R package version 1.1.1},
    url = {https://CRAN.R-project.org/package=patchwork},
}
@Manual{geogrid,
    title = {geogrid: Turn Geospatial Polygons into Regular or Hexagonal Grids},
    author = {Joseph Bailey},
    year = {2018},
    note = {R package version 0.1.1},
    url = {https://CRAN.R-project.org/package=geogrid},
}
@Manual{rmapshaper,
    title = {rmapshaper: Client for 'mapshaper' for 'Geospatial' Operations},
    author = {Andy Teucher and Kenton Russell},
    year = {2022},
    note = {R package version 0.4.6},
    url = {https://CRAN.R-project.org/package=rmapshaper},
}
@Article{sf,
    author = {Edzer Pebesma},
    title = {{Simple Features for R: Standardized Support for Spatial Vector Data}},
    year = {2018},
    journal = {{The R Journal}},
    doi = {10.32614/RJ-2018-009},
    url = {https://doi.org/10.32614/RJ-2018-009},
    pages = {439--446},
    volume = {10},
    number = {1},
}
@ARTICLE {Blabla2010,
    author  = "Blabla, Bla",
    title   = "It is raining outside",
    journal = "Journal of Examples",
    year = "2010",
    volume  = "4",
    number  = "1",
    pages   = "90-97"
}
